<?xml version="1.0" encoding="UTF-8"?><record xmlns="http://www.loc.gov/MARC21/slim" xmlns:cinclude="http://apache.org/cocoon/include/1.0" xmlns:zs="http://www.loc.gov/zing/srw/">
  <leader>00362nz  a2200133n  4500</leader>
  <controlfield tag="001">no2007007805</controlfield>
  <controlfield tag="003">DLC</controlfield>
  <controlfield tag="005">20070125075301.0</controlfield>
  <controlfield tag="008">070123n| acannaabn          |n aaa     c</controlfield>
  <datafield tag="010" ind1=" " ind2=" ">
    <subfield code="a">no2007007805</subfield>
  </datafield>
  <datafield tag="035" ind1=" " ind2=" ">
    <subfield code="a">(OCoLC)oca07307323</subfield>
  </datafield>
  <datafield tag="040" ind1=" " ind2=" ">
    <subfield code="a">IdU</subfield>
    <subfield code="b">eng</subfield>
    <subfield code="c">IdU</subfield>
  </datafield>
  <datafield tag="100" ind1="1" ind2=" ">
    <subfield code="a">Button, Claudia</subfield>
  </datafield>
  <datafield tag="670" ind1=" " ind2=" ">
    <subfield code="a">Dishrag soup &amp; poverty cake, 2006:</subfield>
    <subfield code="b">t.p. (Claudia Button, illustrator)</subfield>
  </datafield>
</record>